@MISC{B1,
   title     = {{Node JS}},
   note      = {\small \url{https://nodejs.org/es/docs/}}
}

@MISC{B2,
   title     = {{Github REST API V3}},
   note      = {\small \url{https://developer.github.com/v3/}}
}

@MISC{B3,
   title     = {{Express JS}},
   note      = {\small \url{http://expressjs.com/es/}}
}

@MISC{B4,
   title     = {{Pug JS}},
   note      = {\small \url{https://pugjs.org/api/getting-started.html}}
}

@MISC{B5,
   title     = {{Mongoose JS}},
   note      = {\small \url{http://mongoosejs.com/}}
}

@MISC{B8,
   title     = {{Heroku}},
   note      = {\small \url{https://devcenter.heroku.com/}}
}

@MISC{B10,
   title     = {{NPM}},
   note      = {\small \url{https://www.npmjs.com/}}
}
